<?xml version="1.0" encoding="UTF-8"?><record xmlns="http://www.loc.gov/MARC21/slim" xmlns:cinclude="http://apache.org/cocoon/include/1.0" xmlns:zs="http://www.loc.gov/zing/srw/">
  <leader>00678cz  a2200181n  4500</leader>
  <controlfield tag="001">nr 98030554 </controlfield>
  <controlfield tag="003">DLC</controlfield>
  <controlfield tag="005">20080918104031.0</controlfield>
  <controlfield tag="008">980813n| acannaabn          |b aaa      </controlfield>
  <datafield tag="010" ind1=" " ind2=" ">
    <subfield code="a">nr 98030554 </subfield>
  </datafield>
  <datafield tag="035" ind1=" " ind2=" ">
    <subfield code="a">(OCoLC)oca04794587</subfield>
  </datafield>
  <datafield tag="040" ind1=" " ind2=" ">
    <subfield code="a">DLC-R</subfield>
    <subfield code="b">eng</subfield>
    <subfield code="c">DLC-R</subfield>
    <subfield code="d">OCoLC</subfield>
  </datafield>
  <datafield tag="100" ind1="1" ind2=" ">
    <subfield code="a">Saitō, Yasuhiko,</subfield>
    <subfield code="d">1947-</subfield>
  </datafield>
  <datafield tag="400" ind1="1" ind2=" ">
    <subfield code="a">斎藤康彥,</subfield>
    <subfield code="d">1947-</subfield>
  </datafield>
  <datafield tag="400" ind1="1" ind2=" ">
    <subfield code="a">齋藤康彦,</subfield>
    <subfield code="d">1947-</subfield>
  </datafield>
  <datafield tag="667" ind1=" " ind2=" ">
    <subfield code="a">Machine-derived non-Latin script reference project.</subfield>
  </datafield>
  <datafield tag="667" ind1=" " ind2=" ">
    <subfield code="a">Non-Latin script references not evaluated.</subfield>
  </datafield>
  <datafield tag="670" ind1=" " ind2=" ">
    <subfield code="a">Chihō sangyō no tenkai to chiiki hensei, 1998:</subfield>
    <subfield code="b">t.p. (Saitō Yasuhiko) colophon (r; b. 1947; prof., Yamanashi Daigaku Kyōiku Gakubu; sp.: hist. of Jpn econ.)</subfield>
  </datafield>
</record>